@online{anleitung,
  author = {TU Dortmund},
  title = {V21 - Optisches Pumpen},
  url = {https://moodle.tu-dortmund.de/pluginfile.php/951410/mod_resource/content/1/V21.pdf},
  urldate = {2019-10-19}
}
@online{Black,
author = {Eric D. Black},
title = {Optical Pumping},
url={https://www.phas.ubc.ca/~phys409/manuals/Optical_Pumping-CalTech.pdf},
urldate = {2019-10-17}
}
@online{D1,
author = {Technische Universität Kaiserslautern},
title = {Exp. Nr. 14 Optisches Pumpen},
url = {https://www.physik.uni-kl.de/fileadmin/_migrated/content_uploads/OptischesPumpen.pdf},
urldate = {2019-10-18}
}
@online{Emission,
author = {Georg-August-Universität Göttingen},
title = {Beugung und Interferenz von Laserlicht},
url={https://lp.uni-goettingen.de/get/text/4346},
urldate = {2019-10-18}
}
