@misc{anleitung,
  author = {TU Dortmund},
  title = {Versuchsanleitung zu Versuch 44},
  year = {2019},
  note = {Zur Verf√ºgung gestellt von der Praktikumsleitung.}
}
