@online{anleitung,
  author = {TU Dortmund},
  title = {Versuchsanleitung zu Versuch 46},
  url = {https://moodle.tu-dortmund.de/mod/folder/view.php?id=471155},
  urldate = {2018-12-10}
}
@incollection{Brechungsindex,
title = "Gallium Arsenide (GaAs)",
editor = "Edward D. Palik",
booktitle = "Handbook of Optical Constants of Solids",
publisher = "Academic Press",
address = "Burlington",
pages = "429 - 443",
year = "1997",
isbn = "978-0-12-544415-6",
doi = "https://doi.org/10.1016/B978-012544415-6.50018-2",
url = "http://www.sciencedirect.com/science/article/pii/B9780125444156500182",
author = "Edward D. Palik"
}
@article{effmasse,
  title = {Valence-Band Parameters in Cubic Semiconductors},
  author = {Lawaetz, P.},
  journal = {Phys. Rev. B},
  volume = {4},
  issue = {10},
  pages = {3460--3467},
  numpages = {0},
  year = {1971},
  month = {11},
  publisher = {American Physical Society},
  doi = {10.1103/PhysRevB.4.3460},
  url = {https://link.aps.org/doi/10.1103/PhysRevB.4.3460}
}
