@online{anleitung,
  author = {TU Dortmund},
  title = {Versuchsanleitung zu Versuch 27},
  url = {https://moodle.tu-dortmund.de/pluginfile.php/951412/mod_resource/content/1/V27-Mai2019.pdf},
  urldate = {2019-12-29}
}
@article{Fiji,
  author    = {Schindelin, J. and Arganda-Carreras, I. and Frise, E. and others},
  title     = {Fiji: an open-source platform for biological-image analysis},
  journal   ={Nature Methods},
  year      ={2012},
  volume    ={9},
  number    ={7},
  pages     ={676-682},
  issn      ={1548-7105},
  doi       ={10.1038/nmeth.2019},
  url       ={https://doi.org/10.1038/nmeth.2019}
}
